<?xml version="1.0" encoding="UTF-8"?><collection xmlns="http://www.loc.gov/MARC21/slim"><record><leader>00614nam--2200193-i-4500</leader><controlfield tag="001">000028901</controlfield><controlfield tag="002">20161230</controlfield><controlfield tag="005">20161230201037</controlfield><controlfield tag="008">060222s1000------------r-----000-0-eng-d</controlfield><datafield ind1=" " ind2=" " tag="040"><subfield code="a">IFIN-HH</subfield></datafield><datafield ind1=" " ind2=" " tag="080"><subfield code="a">577.34:621.375.826</subfield></datafield><datafield ind1="1" ind2=" " tag="100"><subfield code="a">Martellucci, S</subfield></datafield><datafield ind1="1" ind2="0" tag="245"><subfield code="a">Laser photobiology and photomedicine. ettore majorana international science series. vol. 22</subfield><subfield code="c">S. martelucci, a.n. chester (eds.)</subfield></datafield><datafield ind1=" " ind2=" " tag="260"><subfield code="a">New York</subfield><subfield code="b">Plenum Press</subfield><subfield code="c">1985</subfield></datafield><datafield ind1=" " ind2=" " tag="300"><subfield code="a">IX+334P</subfield></datafield><datafield ind1=" " ind2=" " tag="490"><subfield code="a">Ettore Majorana International Science Series, 22</subfield></datafield><datafield ind1="1" ind2=" " tag="700"><subfield code="a">Chester, A.N</subfield><subfield code="e">Ed</subfield></datafield><datafield ind1=" " ind2=" " tag="852"><subfield code="a">48928</subfield><subfield code="c">53</subfield></datafield><datafield ind1=" " ind2=" " tag="CAT"><subfield code="a">Sys</subfield><subfield code="c">20150331</subfield><subfield code="h">104808</subfield></datafield></record></collection>